%YAML 1.1
%TAG !u! tag:unity3d.com,2011:
--- !u!29 &1
OcclusionCullingSettings:
  m_ObjectHideFlags: 0
  serializedVersion: 2
  m_OcclusionBakeSettings:
    smallestOccluder: 5
    smallestHole: 0.25
    backfaceThreshold: 100
  m_SceneGUID: 00000000000000000000000000000000
  m_OcclusionCullingData: {fileID: 0}
--- !u!104 &2
RenderSettings:
  m_ObjectHideFlags: 0
  serializedVersion: 9
  m_Fog: 0
  m_FogColor: {r: 0.5, g: 0.5, b: 0.5, a: 1}
  m_FogMode: 3
  m_FogDensity: 0.01
  m_LinearFogStart: 0
  m_LinearFogEnd: 300
  m_AmbientSkyColor: {r: 0.212, g: 0.227, b: 0.259, a: 1}
  m_AmbientEquatorColor: {r: 0.114, g: 0.125, b: 0.133, a: 1}
  m_AmbientGroundColor: {r: 0.047, g: 0.043, b: 0.035, a: 1}
  m_AmbientIntensity: 1
  m_AmbientMode: 0
  m_SubtractiveShadowColor: {r: 0.42, g: 0.478, b: 0.627, a: 1}
  m_SkyboxMaterial: {fileID: 10304, guid: 0000000000000000f000000000000000, type: 0}
  m_HaloStrength: 0.5
  m_FlareStrength: 1
  m_FlareFadeSpeed: 3
  m_HaloTexture: {fileID: 0}
  m_SpotCookie: {fileID: 10001, guid: 0000000000000000e000000000000000, type: 0}
  m_DefaultReflectionMode: 0
  m_DefaultReflectionResolution: 128
  m_ReflectionBounces: 1
  m_ReflectionIntensity: 1
  m_CustomReflection: {fileID: 0}
  m_Sun: {fileID: 705507994}
  m_IndirectSpecularColor: {r: 0.44657898, g: 0.4964133, b: 0.5748178, a: 1}
  m_UseRadianceAmbientProbe: 0
--- !u!157 &3
LightmapSettings:
  m_ObjectHideFlags: 0
  serializedVersion: 11
  m_GIWorkflowMode: 0
  m_GISettings:
    serializedVersion: 2
    m_BounceScale: 1
    m_IndirectOutputScale: 1
    m_AlbedoBoost: 1
    m_EnvironmentLightingMode: 0
    m_EnableBakedLightmaps: 1
    m_EnableRealtimeLightmaps: 1
  m_LightmapEditorSettings:
    serializedVersion: 12
    m_Resolution: 2
    m_BakeResolution: 40
    m_AtlasSize: 1024
    m_AO: 0
    m_AOMaxDistance: 1
    m_CompAOExponent: 1
    m_CompAOExponentDirect: 0
    m_ExtractAmbientOcclusion: 0
    m_Padding: 2
    m_LightmapParameters: {fileID: 0}
    m_LightmapsBakeMode: 1
    m_TextureCompression: 1
    m_FinalGather: 0
    m_FinalGatherFiltering: 1
    m_FinalGatherRayCount: 256
    m_ReflectionCompression: 2
    m_MixedBakeMode: 2
    m_BakeBackend: 1
    m_PVRSampling: 1
    m_PVRDirectSampleCount: 32
    m_PVRSampleCount: 500
    m_PVRBounces: 2
    m_PVREnvironmentSampleCount: 500
    m_PVREnvironmentReferencePointCount: 2048
    m_PVRFilteringMode: 2
    m_PVRDenoiserTypeDirect: 0
    m_PVRDenoiserTypeIndirect: 0
    m_PVRDenoiserTypeAO: 0
    m_PVRFilterTypeDirect: 0
    m_PVRFilterTypeIndirect: 0
    m_PVRFilterTypeAO: 0
    m_PVREnvironmentMIS: 0
    m_PVRCulling: 1
    m_PVRFilteringGaussRadiusDirect: 1
    m_PVRFilteringGaussRadiusIndirect: 5
    m_PVRFilteringGaussRadiusAO: 2
    m_PVRFilteringAtrousPositionSigmaDirect: 0.5
    m_PVRFilteringAtrousPositionSigmaIndirect: 2
    m_PVRFilteringAtrousPositionSigmaAO: 1
    m_ExportTrainingData: 0
    m_TrainingDataDestination: TrainingData
  m_LightingDataAsset: {fileID: 0}
  m_UseShadowmask: 1
--- !u!196 &4
NavMeshSettings:
  serializedVersion: 2
  m_ObjectHideFlags: 0
  m_BuildSettings:
    serializedVersion: 2
    agentTypeID: 0
    agentRadius: 0.5
    agentHeight: 2
    agentSlope: 45
    agentClimb: 0.4
    ledgeDropHeight: 0
    maxJumpAcrossDistance: 0
    minRegionArea: 2
    manualCellSize: 0
    cellSize: 0.16666667
    manualTileSize: 0
    tileSize: 256
    accuratePlacement: 0
    debug:
      m_Flags: 0
  m_NavMeshData: {fileID: 0}
--- !u!1 &88819475 stripped
GameObject:
  m_CorrespondingSourceObject: {fileID: 7718791913017239545, guid: c4f73a621c44b3c42ad1250f9751f88b,
    type: 3}
  m_PrefabInstance: {fileID: 3599829358274504593}
  m_PrefabAsset: {fileID: 0}
--- !u!114 &354320902 stripped
MonoBehaviour:
  m_CorrespondingSourceObject: {fileID: 2239175947959009956, guid: bd082d592a99e704988743674bafe755,
    type: 3}
  m_PrefabInstance: {fileID: 2239175947606327458}
  m_PrefabAsset: {fileID: 0}
  m_GameObject: {fileID: 0}
  m_Enabled: 1
  m_EditorHideFlags: 0
  m_Script: {fileID: 11500000, guid: e7c06e542a8c524469294070668c6502, type: 3}
  m_Name: 
  m_EditorClassIdentifier: 
--- !u!1001 &383827136
PrefabInstance:
  m_ObjectHideFlags: 0
  serializedVersion: 2
  m_Modification:
    m_TransformParent: {fileID: 0}
    m_Modifications:
    - target: {fileID: 5426865031563412628, guid: c97243a3140cec4408371688c81b89b6,
        type: 3}
      propertyPath: m_Name
      value: Treasure
      objectReference: {fileID: 0}
    - target: {fileID: 5426865031563412624, guid: c97243a3140cec4408371688c81b89b6,
        type: 3}
      propertyPath: m_LocalPosition.x
      value: 0.37
      objectReference: {fileID: 0}
    - target: {fileID: 5426865031563412624, guid: c97243a3140cec4408371688c81b89b6,
        type: 3}
      propertyPath: m_LocalPosition.y
      value: 0
      objectReference: {fileID: 0}
    - target: {fileID: 5426865031563412624, guid: c97243a3140cec4408371688c81b89b6,
        type: 3}
      propertyPath: m_LocalPosition.z
      value: 11.31
      objectReference: {fileID: 0}
    - target: {fileID: 5426865031563412624, guid: c97243a3140cec4408371688c81b89b6,
        type: 3}
      propertyPath: m_LocalRotation.x
      value: 0
      objectReference: {fileID: 0}
    - target: {fileID: 5426865031563412624, guid: c97243a3140cec4408371688c81b89b6,
        type: 3}
      propertyPath: m_LocalRotation.y
      value: -0.13917309
      objectReference: {fileID: 0}
    - target: {fileID: 5426865031563412624, guid: c97243a3140cec4408371688c81b89b6,
        type: 3}
      propertyPath: m_LocalRotation.z
      value: 0
      objectReference: {fileID: 0}
    - target: {fileID: 5426865031563412624, guid: c97243a3140cec4408371688c81b89b6,
        type: 3}
      propertyPath: m_LocalRotation.w
      value: 0.9902681
      objectReference: {fileID: 0}
    - target: {fileID: 5426865031563412624, guid: c97243a3140cec4408371688c81b89b6,
        type: 3}
      propertyPath: m_RootOrder
      value: 8
      objectReference: {fileID: 0}
    - target: {fileID: 5426865031563412624, guid: c97243a3140cec4408371688c81b89b6,
        type: 3}
      propertyPath: m_LocalEulerAnglesHint.x
      value: 0
      objectReference: {fileID: 0}
    - target: {fileID: 5426865031563412624, guid: c97243a3140cec4408371688c81b89b6,
        type: 3}
      propertyPath: m_LocalEulerAnglesHint.y
      value: -16
      objectReference: {fileID: 0}
    - target: {fileID: 5426865031563412624, guid: c97243a3140cec4408371688c81b89b6,
        type: 3}
      propertyPath: m_LocalEulerAnglesHint.z
      value: 0
      objectReference: {fileID: 0}
    - target: {fileID: 5430827694808956880, guid: c97243a3140cec4408371688c81b89b6,
        type: 3}
      propertyPath: m_LocalScale.x
      value: 1.25
      objectReference: {fileID: 0}
    - target: {fileID: 5430827694808956880, guid: c97243a3140cec4408371688c81b89b6,
        type: 3}
      propertyPath: m_LocalScale.y
      value: 1.25
      objectReference: {fileID: 0}
    - target: {fileID: 5430827694808956880, guid: c97243a3140cec4408371688c81b89b6,
        type: 3}
      propertyPath: m_LocalScale.z
      value: 1.25
      objectReference: {fileID: 0}
    - target: {fileID: 5430827691621863786, guid: c97243a3140cec4408371688c81b89b6,
        type: 3}
      propertyPath: m_LocalScale.x
      value: 1.25
      objectReference: {fileID: 0}
    - target: {fileID: 5430827691621863786, guid: c97243a3140cec4408371688c81b89b6,
        type: 3}
      propertyPath: m_LocalScale.y
      value: 1.25
      objectReference: {fileID: 0}
    - target: {fileID: 5430827691621863786, guid: c97243a3140cec4408371688c81b89b6,
        type: 3}
      propertyPath: m_LocalScale.z
      value: 1.25
      objectReference: {fileID: 0}
    m_RemovedComponents: []
  m_SourcePrefab: {fileID: 100100000, guid: c97243a3140cec4408371688c81b89b6, type: 3}
--- !u!1001 &442237351
PrefabInstance:
  m_ObjectHideFlags: 0
  serializedVersion: 2
  m_Modification:
    m_TransformParent: {fileID: 0}
    m_Modifications:
    - target: {fileID: 1067203067510630622, guid: 1acb2de0ea623f048a9ab4977342286c,
        type: 3}
      propertyPath: m_Name
      value: Sea
      objectReference: {fileID: 0}
    - target: {fileID: 1067203067510630618, guid: 1acb2de0ea623f048a9ab4977342286c,
        type: 3}
      propertyPath: m_LocalPosition.x
      value: 0
      objectReference: {fileID: 0}
    - target: {fileID: 1067203067510630618, guid: 1acb2de0ea623f048a9ab4977342286c,
        type: 3}
      propertyPath: m_LocalPosition.y
      value: -0.2
      objectReference: {fileID: 0}
    - target: {fileID: 1067203067510630618, guid: 1acb2de0ea623f048a9ab4977342286c,
        type: 3}
      propertyPath: m_LocalPosition.z
      value: 0
      objectReference: {fileID: 0}
    - target: {fileID: 1067203067510630618, guid: 1acb2de0ea623f048a9ab4977342286c,
        type: 3}
      propertyPath: m_LocalRotation.x
      value: 0
      objectReference: {fileID: 0}
    - target: {fileID: 1067203067510630618, guid: 1acb2de0ea623f048a9ab4977342286c,
        type: 3}
      propertyPath: m_LocalRotation.y
      value: 0
      objectReference: {fileID: 0}
    - target: {fileID: 1067203067510630618, guid: 1acb2de0ea623f048a9ab4977342286c,
        type: 3}
      propertyPath: m_LocalRotation.z
      value: 0
      objectReference: {fileID: 0}
    - target: {fileID: 1067203067510630618, guid: 1acb2de0ea623f048a9ab4977342286c,
        type: 3}
      propertyPath: m_LocalRotation.w
      value: 1
      objectReference: {fileID: 0}
    - target: {fileID: 1067203067510630618, guid: 1acb2de0ea623f048a9ab4977342286c,
        type: 3}
      propertyPath: m_RootOrder
      value: 7
      objectReference: {fileID: 0}
    - target: {fileID: 1067203067510630618, guid: 1acb2de0ea623f048a9ab4977342286c,
        type: 3}
      propertyPath: m_LocalEulerAnglesHint.x
      value: 0
      objectReference: {fileID: 0}
    - target: {fileID: 1067203067510630618, guid: 1acb2de0ea623f048a9ab4977342286c,
        type: 3}
      propertyPath: m_LocalEulerAnglesHint.y
      value: 0
      objectReference: {fileID: 0}
    - target: {fileID: 1067203067510630618, guid: 1acb2de0ea623f048a9ab4977342286c,
        type: 3}
      propertyPath: m_LocalEulerAnglesHint.z
      value: 0
      objectReference: {fileID: 0}
    m_RemovedComponents: []
  m_SourcePrefab: {fileID: 100100000, guid: 1acb2de0ea623f048a9ab4977342286c, type: 3}
--- !u!1001 &635040701
PrefabInstance:
  m_ObjectHideFlags: 0
  serializedVersion: 2
  m_Modification:
    m_TransformParent: {fileID: 1206282442}
    m_Modifications:
    - target: {fileID: 8763842315740657115, guid: 5053cb26db289a6468f972a4d53d6e2d,
        type: 3}
      propertyPath: m_Name
      value: Cannon (2)
      objectReference: {fileID: 0}
    - target: {fileID: 8763842315740657116, guid: 5053cb26db289a6468f972a4d53d6e2d,
        type: 3}
      propertyPath: m_LocalPosition.x
      value: 0.724
      objectReference: {fileID: 0}
    - target: {fileID: 8763842315740657116, guid: 5053cb26db289a6468f972a4d53d6e2d,
        type: 3}
      propertyPath: m_LocalPosition.y
      value: 0.3
      objectReference: {fileID: 0}
    - target: {fileID: 8763842315740657116, guid: 5053cb26db289a6468f972a4d53d6e2d,
        type: 3}
      propertyPath: m_LocalPosition.z
      value: -1.05
      objectReference: {fileID: 0}
    - target: {fileID: 8763842315740657116, guid: 5053cb26db289a6468f972a4d53d6e2d,
        type: 3}
      propertyPath: m_LocalRotation.x
      value: 0
      objectReference: {fileID: 0}
    - target: {fileID: 8763842315740657116, guid: 5053cb26db289a6468f972a4d53d6e2d,
        type: 3}
      propertyPath: m_LocalRotation.y
      value: 0
      objectReference: {fileID: 0}
    - target: {fileID: 8763842315740657116, guid: 5053cb26db289a6468f972a4d53d6e2d,
        type: 3}
      propertyPath: m_LocalRotation.z
      value: 0
      objectReference: {fileID: 0}
    - target: {fileID: 8763842315740657116, guid: 5053cb26db289a6468f972a4d53d6e2d,
        type: 3}
      propertyPath: m_LocalRotation.w
      value: 1
      objectReference: {fileID: 0}
    - target: {fileID: 8763842315740657116, guid: 5053cb26db289a6468f972a4d53d6e2d,
        type: 3}
      propertyPath: m_RootOrder
      value: 2
      objectReference: {fileID: 0}
    - target: {fileID: 8763842315740657116, guid: 5053cb26db289a6468f972a4d53d6e2d,
        type: 3}
      propertyPath: m_LocalEulerAnglesHint.x
      value: 0
      objectReference: {fileID: 0}
    - target: {fileID: 8763842315740657116, guid: 5053cb26db289a6468f972a4d53d6e2d,
        type: 3}
      propertyPath: m_LocalEulerAnglesHint.y
      value: 0
      objectReference: {fileID: 0}
    - target: {fileID: 8763842315740657116, guid: 5053cb26db289a6468f972a4d53d6e2d,
        type: 3}
      propertyPath: m_LocalEulerAnglesHint.z
      value: 0
      objectReference: {fileID: 0}
    - target: {fileID: 8763842315740657117, guid: 5053cb26db289a6468f972a4d53d6e2d,
        type: 3}
      propertyPath: startTime
      value: 0.5
      objectReference: {fileID: 0}
    - target: {fileID: 8763842315740657117, guid: 5053cb26db289a6468f972a4d53d6e2d,
        type: 3}
      propertyPath: shootSpeed
      value: 4
      objectReference: {fileID: 0}
    m_RemovedComponents: []
  m_SourcePrefab: {fileID: 100100000, guid: 5053cb26db289a6468f972a4d53d6e2d, type: 3}
--- !u!1 &635040702 stripped
GameObject:
  m_CorrespondingSourceObject: {fileID: 8763842315740657115, guid: 5053cb26db289a6468f972a4d53d6e2d,
    type: 3}
  m_PrefabInstance: {fileID: 635040701}
  m_PrefabAsset: {fileID: 0}
--- !u!82 &635040703
AudioSource:
  m_ObjectHideFlags: 0
  m_CorrespondingSourceObject: {fileID: 0}
  m_PrefabInstance: {fileID: 0}
  m_PrefabAsset: {fileID: 0}
  m_GameObject: {fileID: 635040702}
  m_Enabled: 1
  serializedVersion: 4
  OutputAudioMixerGroup: {fileID: 0}
  m_audioClip: {fileID: 8300000, guid: 4bf01243f4fd3554990248635e0d4f77, type: 3}
  m_PlayOnAwake: 1
  m_Volume: 0.1
  m_Pitch: 1
  Loop: 0
  Mute: 0
  Spatialize: 0
  SpatializePostEffects: 0
  Priority: 128
  DopplerLevel: 1
  MinDistance: 1
  MaxDistance: 500
  Pan2D: 0
  rolloffMode: 0
  BypassEffects: 0
  BypassListenerEffects: 0
  BypassReverbZones: 0
  rolloffCustomCurve:
    serializedVersion: 2
    m_Curve:
    - serializedVersion: 3
      time: 0
      value: 1
      inSlope: 0
      outSlope: 0
      tangentMode: 0
      weightedMode: 0
      inWeight: 0.33333334
      outWeight: 0.33333334
    - serializedVersion: 3
      time: 1
      value: 0
      inSlope: 0
      outSlope: 0
      tangentMode: 0
      weightedMode: 0
      inWeight: 0.33333334
      outWeight: 0.33333334
    m_PreInfinity: 2
    m_PostInfinity: 2
    m_RotationOrder: 4
  panLevelCustomCurve:
    serializedVersion: 2
    m_Curve:
    - serializedVersion: 3
      time: 0
      value: 0
      inSlope: 0
      outSlope: 0
      tangentMode: 0
      weightedMode: 0
      inWeight: 0.33333334
      outWeight: 0.33333334
    m_PreInfinity: 2
    m_PostInfinity: 2
    m_RotationOrder: 4
  spreadCustomCurve:
    serializedVersion: 2
    m_Curve:
    - serializedVersion: 3
      time: 0
      value: 0
      inSlope: 0
      outSlope: 0
      tangentMode: 0
      weightedMode: 0
      inWeight: 0.33333334
      outWeight: 0.33333334
    m_PreInfinity: 2
    m_PostInfinity: 2
    m_RotationOrder: 4
  reverbZoneMixCustomCurve:
    serializedVersion: 2
    m_Curve:
    - serializedVersion: 3
      time: 0
      value: 1
      inSlope: 0
      outSlope: 0
      tangentMode: 0
      weightedMode: 0
      inWeight: 0.33333334
      outWeight: 0.33333334
    m_PreInfinity: 2
    m_PostInfinity: 2
    m_RotationOrder: 4
--- !u!1 &705507993
GameObject:
  m_ObjectHideFlags: 0
  m_CorrespondingSourceObject: {fileID: 0}
  m_PrefabInstance: {fileID: 0}
  m_PrefabAsset: {fileID: 0}
  serializedVersion: 6
  m_Component:
  - component: {fileID: 705507995}
  - component: {fileID: 705507994}
  m_Layer: 0
  m_Name: Directional Light
  m_TagString: Untagged
  m_Icon: {fileID: 0}
  m_NavMeshLayer: 0
  m_StaticEditorFlags: 0
  m_IsActive: 1
--- !u!108 &705507994
Light:
  m_ObjectHideFlags: 0
  m_CorrespondingSourceObject: {fileID: 0}
  m_PrefabInstance: {fileID: 0}
  m_PrefabAsset: {fileID: 0}
  m_GameObject: {fileID: 705507993}
  m_Enabled: 1
  serializedVersion: 9
  m_Type: 1
  m_Color: {r: 1, g: 0.95686275, b: 0.8392157, a: 1}
  m_Intensity: 1
  m_Range: 10
  m_SpotAngle: 30
  m_InnerSpotAngle: 21.80208
  m_CookieSize: 10
  m_Shadows:
    m_Type: 1
    m_Resolution: 3
    m_CustomResolution: -1
    m_Strength: 0.106
    m_Bias: 0.05
    m_NormalBias: 0.4
    m_NearPlane: 0.2
    m_CullingMatrixOverride:
      e00: 1
      e01: 0
      e02: 0
      e03: 0
      e10: 0
      e11: 1
      e12: 0
      e13: 0
      e20: 0
      e21: 0
      e22: 1
      e23: 0
      e30: 0
      e31: 0
      e32: 0
      e33: 1
    m_UseCullingMatrixOverride: 0
  m_Cookie: {fileID: 0}
  m_DrawHalo: 0
  m_Flare: {fileID: 0}
  m_RenderMode: 0
  m_CullingMask:
    serializedVersion: 2
    m_Bits: 4294967295
  m_RenderingLayerMask: 1
  m_Lightmapping: 1
  m_LightShadowCasterMode: 0
  m_AreaSize: {x: 1, y: 1}
  m_BounceIntensity: 1
  m_ColorTemperature: 6570
  m_UseColorTemperature: 0
  m_BoundingSphereOverride: {x: 0, y: 0, z: 0, w: 0}
  m_UseBoundingSphereOverride: 0
  m_ShadowRadius: 0
  m_ShadowAngle: 0
--- !u!4 &705507995
Transform:
  m_ObjectHideFlags: 0
  m_CorrespondingSourceObject: {fileID: 0}
  m_PrefabInstance: {fileID: 0}
  m_PrefabAsset: {fileID: 0}
  m_GameObject: {fileID: 705507993}
  m_LocalRotation: {x: 0.40821788, y: -0.23456968, z: 0.10938163, w: 0.8754261}
  m_LocalPosition: {x: 0, y: 3, z: 0}
  m_LocalScale: {x: 1, y: 1, z: 1}
  m_Children: []
  m_Father: {fileID: 0}
  m_RootOrder: 1
  m_LocalEulerAnglesHint: {x: 50, y: -30, z: 0}
--- !u!1 &963194225
GameObject:
  m_ObjectHideFlags: 0
  m_CorrespondingSourceObject: {fileID: 0}
  m_PrefabInstance: {fileID: 0}
  m_PrefabAsset: {fileID: 0}
  serializedVersion: 6
  m_Component:
  - component: {fileID: 963194228}
  - component: {fileID: 963194227}
  - component: {fileID: 963194226}
  m_Layer: 0
  m_Name: Main Camera
  m_TagString: MainCamera
  m_Icon: {fileID: 0}
  m_NavMeshLayer: 0
  m_StaticEditorFlags: 0
  m_IsActive: 1
--- !u!81 &963194226
AudioListener:
  m_ObjectHideFlags: 0
  m_CorrespondingSourceObject: {fileID: 0}
  m_PrefabInstance: {fileID: 0}
  m_PrefabAsset: {fileID: 0}
  m_GameObject: {fileID: 963194225}
  m_Enabled: 1
--- !u!20 &963194227
Camera:
  m_ObjectHideFlags: 0
  m_CorrespondingSourceObject: {fileID: 0}
  m_PrefabInstance: {fileID: 0}
  m_PrefabAsset: {fileID: 0}
  m_GameObject: {fileID: 963194225}
  m_Enabled: 1
  serializedVersion: 2
  m_ClearFlags: 1
  m_BackGroundColor: {r: 0.19215687, g: 0.3019608, b: 0.4745098, a: 0}
  m_projectionMatrixMode: 1
  m_GateFitMode: 2
  m_FOVAxisMode: 0
  m_SensorSize: {x: 36, y: 24}
  m_LensShift: {x: 0, y: 0}
  m_FocalLength: 50
  m_NormalizedViewPortRect:
    serializedVersion: 2
    x: 0
    y: 0
    width: 1
    height: 1
  near clip plane: 0.3
  far clip plane: 1000
  field of view: 60
  orthographic: 0
  orthographic size: 5
  m_Depth: -1
  m_CullingMask:
    serializedVersion: 2
    m_Bits: 4294967295
  m_RenderingPath: -1
  m_TargetTexture: {fileID: 0}
  m_TargetDisplay: 0
  m_TargetEye: 3
  m_HDR: 1
  m_AllowMSAA: 1
  m_AllowDynamicResolution: 0
  m_ForceIntoRT: 0
  m_OcclusionCulling: 1
  m_StereoConvergence: 10
  m_StereoSeparation: 0.022
--- !u!4 &963194228
Transform:
  m_ObjectHideFlags: 0
  m_CorrespondingSourceObject: {fileID: 0}
  m_PrefabInstance: {fileID: 0}
  m_PrefabAsset: {fileID: 0}
  m_GameObject: {fileID: 963194225}
  m_LocalRotation: {x: 0.6722375, y: 0, z: 0, w: 0.7403355}
  m_LocalPosition: {x: 0, y: 15.31, z: 4.7}
  m_LocalScale: {x: 1, y: 1, z: 1}
  m_Children: []
  m_Father: {fileID: 0}
  m_RootOrder: 0
  m_LocalEulerAnglesHint: {x: 84.48, y: 0, z: 0}
--- !u!1001 &1111082729
PrefabInstance:
  m_ObjectHideFlags: 0
  serializedVersion: 2
  m_Modification:
    m_TransformParent: {fileID: 0}
    m_Modifications:
    - target: {fileID: 155664819245845566, guid: 992a12136bd692648afe5a99155d796e,
        type: 3}
      propertyPath: m_Name
      value: levelTheme
      objectReference: {fileID: 0}
    - target: {fileID: 155664819245845567, guid: 992a12136bd692648afe5a99155d796e,
        type: 3}
      propertyPath: m_LocalPosition.x
      value: 0
      objectReference: {fileID: 0}
    - target: {fileID: 155664819245845567, guid: 992a12136bd692648afe5a99155d796e,
        type: 3}
      propertyPath: m_LocalPosition.y
      value: 0
      objectReference: {fileID: 0}
    - target: {fileID: 155664819245845567, guid: 992a12136bd692648afe5a99155d796e,
        type: 3}
      propertyPath: m_LocalPosition.z
      value: 0
      objectReference: {fileID: 0}
    - target: {fileID: 155664819245845567, guid: 992a12136bd692648afe5a99155d796e,
        type: 3}
      propertyPath: m_LocalRotation.x
      value: 0
      objectReference: {fileID: 0}
    - target: {fileID: 155664819245845567, guid: 992a12136bd692648afe5a99155d796e,
        type: 3}
      propertyPath: m_LocalRotation.y
      value: 0
      objectReference: {fileID: 0}
    - target: {fileID: 155664819245845567, guid: 992a12136bd692648afe5a99155d796e,
        type: 3}
      propertyPath: m_LocalRotation.z
      value: 0
      objectReference: {fileID: 0}
    - target: {fileID: 155664819245845567, guid: 992a12136bd692648afe5a99155d796e,
        type: 3}
      propertyPath: m_LocalRotation.w
      value: 1
      objectReference: {fileID: 0}
    - target: {fileID: 155664819245845567, guid: 992a12136bd692648afe5a99155d796e,
        type: 3}
      propertyPath: m_RootOrder
      value: 5
      objectReference: {fileID: 0}
    - target: {fileID: 155664819245845567, guid: 992a12136bd692648afe5a99155d796e,
        type: 3}
      propertyPath: m_LocalEulerAnglesHint.x
      value: 0
      objectReference: {fileID: 0}
    - target: {fileID: 155664819245845567, guid: 992a12136bd692648afe5a99155d796e,
        type: 3}
      propertyPath: m_LocalEulerAnglesHint.y
      value: 0
      objectReference: {fileID: 0}
    - target: {fileID: 155664819245845567, guid: 992a12136bd692648afe5a99155d796e,
        type: 3}
      propertyPath: m_LocalEulerAnglesHint.z
      value: 0
      objectReference: {fileID: 0}
    m_RemovedComponents: []
  m_SourcePrefab: {fileID: 100100000, guid: 992a12136bd692648afe5a99155d796e, type: 3}
--- !u!1 &1140050062
GameObject:
  m_ObjectHideFlags: 0
  m_CorrespondingSourceObject: {fileID: 0}
  m_PrefabInstance: {fileID: 0}
  m_PrefabAsset: {fileID: 0}
  serializedVersion: 6
  m_Component:
  - component: {fileID: 1140050063}
  m_Layer: 0
  m_Name: Obstacles
  m_TagString: Untagged
  m_Icon: {fileID: 0}
  m_NavMeshLayer: 0
  m_StaticEditorFlags: 0
  m_IsActive: 1
--- !u!4 &1140050063
Transform:
  m_ObjectHideFlags: 0
  m_CorrespondingSourceObject: {fileID: 0}
  m_PrefabInstance: {fileID: 0}
  m_PrefabAsset: {fileID: 0}
  m_GameObject: {fileID: 1140050062}
  m_LocalRotation: {x: 0, y: 0, z: 0, w: 1}
  m_LocalPosition: {x: 0, y: 0, z: 0}
  m_LocalScale: {x: 1, y: 1, z: 1}
  m_Children:
  - {fileID: 1206282442}
  - {fileID: 1344532196}
  m_Father: {fileID: 0}
  m_RootOrder: 9
  m_LocalEulerAnglesHint: {x: 0, y: 0, z: 0}
--- !u!1 &1144790084
GameObject:
  m_ObjectHideFlags: 0
  m_CorrespondingSourceObject: {fileID: 0}
  m_PrefabInstance: {fileID: 0}
  m_PrefabAsset: {fileID: 0}
  serializedVersion: 6
  m_Component:
  - component: {fileID: 1144790088}
  - component: {fileID: 1144790087}
  - component: {fileID: 1144790086}
  - component: {fileID: 1144790085}
  m_Layer: 5
  m_Name: Canvas
  m_TagString: Untagged
  m_Icon: {fileID: 0}
  m_NavMeshLayer: 0
  m_StaticEditorFlags: 0
  m_IsActive: 1
--- !u!114 &1144790085
MonoBehaviour:
  m_ObjectHideFlags: 0
  m_CorrespondingSourceObject: {fileID: 0}
  m_PrefabInstance: {fileID: 0}
  m_PrefabAsset: {fileID: 0}
  m_GameObject: {fileID: 1144790084}
  m_Enabled: 1
  m_EditorHideFlags: 0
  m_Script: {fileID: 11500000, guid: dc42784cf147c0c48a680349fa168899, type: 3}
  m_Name: 
  m_EditorClassIdentifier: 
  m_IgnoreReversedGraphics: 1
  m_BlockingObjects: 0
  m_BlockingMask:
    serializedVersion: 2
    m_Bits: 4294967295
--- !u!114 &1144790086
MonoBehaviour:
  m_ObjectHideFlags: 0
  m_CorrespondingSourceObject: {fileID: 0}
  m_PrefabInstance: {fileID: 0}
  m_PrefabAsset: {fileID: 0}
  m_GameObject: {fileID: 1144790084}
  m_Enabled: 1
  m_EditorHideFlags: 0
  m_Script: {fileID: 11500000, guid: 0cd44c1031e13a943bb63640046fad76, type: 3}
  m_Name: 
  m_EditorClassIdentifier: 
  m_UiScaleMode: 0
  m_ReferencePixelsPerUnit: 100
  m_ScaleFactor: 1
  m_ReferenceResolution: {x: 800, y: 600}
  m_ScreenMatchMode: 0
  m_MatchWidthOrHeight: 0
  m_PhysicalUnit: 3
  m_FallbackScreenDPI: 96
  m_DefaultSpriteDPI: 96
  m_DynamicPixelsPerUnit: 1
--- !u!223 &1144790087
Canvas:
  m_ObjectHideFlags: 0
  m_CorrespondingSourceObject: {fileID: 0}
  m_PrefabInstance: {fileID: 0}
  m_PrefabAsset: {fileID: 0}
  m_GameObject: {fileID: 1144790084}
  m_Enabled: 1
  serializedVersion: 3
  m_RenderMode: 0
  m_Camera: {fileID: 963194227}
  m_PlaneDistance: 100
  m_PixelPerfect: 0
  m_ReceivesEvents: 1
  m_OverrideSorting: 0
  m_OverridePixelPerfect: 0
  m_SortingBucketNormalizedSize: 0
  m_AdditionalShaderChannelsFlag: 25
  m_SortingLayerID: 0
  m_SortingOrder: 0
  m_TargetDisplay: 0
--- !u!224 &1144790088
RectTransform:
  m_ObjectHideFlags: 0
  m_CorrespondingSourceObject: {fileID: 0}
  m_PrefabInstance: {fileID: 0}
  m_PrefabAsset: {fileID: 0}
  m_GameObject: {fileID: 1144790084}
  m_LocalRotation: {x: 0, y: 0, z: 0, w: 1}
  m_LocalPosition: {x: 0, y: 0, z: 0}
  m_LocalScale: {x: 0, y: 0, z: 0}
  m_Children:
  - {fileID: 1990648494}
  - {fileID: 3599829358274504594}
  - {fileID: 6144313555308421058}
  m_Father: {fileID: 0}
  m_RootOrder: 2
  m_LocalEulerAnglesHint: {x: 0, y: 0, z: 0}
  m_AnchorMin: {x: 0, y: 0}
  m_AnchorMax: {x: 0, y: 0}
  m_AnchoredPosition: {x: 0, y: 0}
  m_SizeDelta: {x: 0, y: 0}
  m_Pivot: {x: 0, y: 0}
--- !u!1001 &1149998514
PrefabInstance:
  m_ObjectHideFlags: 0
  serializedVersion: 2
  m_Modification:
    m_TransformParent: {fileID: 0}
    m_Modifications:
    - target: {fileID: 5993477169590576423, guid: e527a219c4d9c434cb606593494bebf6,
        type: 3}
      propertyPath: m_Name
      value: ButtonHighlight
      objectReference: {fileID: 0}
    - target: {fileID: 5993477169590576424, guid: e527a219c4d9c434cb606593494bebf6,
        type: 3}
      propertyPath: m_LocalPosition.x
      value: 0
      objectReference: {fileID: 0}
    - target: {fileID: 5993477169590576424, guid: e527a219c4d9c434cb606593494bebf6,
        type: 3}
      propertyPath: m_LocalPosition.y
      value: 0
      objectReference: {fileID: 0}
    - target: {fileID: 5993477169590576424, guid: e527a219c4d9c434cb606593494bebf6,
        type: 3}
      propertyPath: m_LocalPosition.z
      value: 0
      objectReference: {fileID: 0}
    - target: {fileID: 5993477169590576424, guid: e527a219c4d9c434cb606593494bebf6,
        type: 3}
      propertyPath: m_LocalRotation.x
      value: 0
      objectReference: {fileID: 0}
    - target: {fileID: 5993477169590576424, guid: e527a219c4d9c434cb606593494bebf6,
        type: 3}
      propertyPath: m_LocalRotation.y
      value: 0
      objectReference: {fileID: 0}
    - target: {fileID: 5993477169590576424, guid: e527a219c4d9c434cb606593494bebf6,
        type: 3}
      propertyPath: m_LocalRotation.z
      value: 0
      objectReference: {fileID: 0}
    - target: {fileID: 5993477169590576424, guid: e527a219c4d9c434cb606593494bebf6,
        type: 3}
      propertyPath: m_LocalRotation.w
      value: 1
      objectReference: {fileID: 0}
    - target: {fileID: 5993477169590576424, guid: e527a219c4d9c434cb606593494bebf6,
        type: 3}
      propertyPath: m_RootOrder
      value: 6
      objectReference: {fileID: 0}
    - target: {fileID: 5993477169590576424, guid: e527a219c4d9c434cb606593494bebf6,
        type: 3}
      propertyPath: m_LocalEulerAnglesHint.x
      value: 0
      objectReference: {fileID: 0}
    - target: {fileID: 5993477169590576424, guid: e527a219c4d9c434cb606593494bebf6,
        type: 3}
      propertyPath: m_LocalEulerAnglesHint.y
      value: 0
      objectReference: {fileID: 0}
    - target: {fileID: 5993477169590576424, guid: e527a219c4d9c434cb606593494bebf6,
        type: 3}
      propertyPath: m_LocalEulerAnglesHint.z
      value: 0
      objectReference: {fileID: 0}
    m_RemovedComponents: []
  m_SourcePrefab: {fileID: 100100000, guid: e527a219c4d9c434cb606593494bebf6, type: 3}
--- !u!82 &1149998515 stripped
AudioSource:
  m_CorrespondingSourceObject: {fileID: 5993477169590576425, guid: e527a219c4d9c434cb606593494bebf6,
    type: 3}
  m_PrefabInstance: {fileID: 1149998514}
  m_PrefabAsset: {fileID: 0}
--- !u!4 &1206282442 stripped
Transform:
  m_CorrespondingSourceObject: {fileID: 261881312713227962, guid: 219ef5ff3e07e8344985f7b3f72ecbc9,
    type: 3}
  m_PrefabInstance: {fileID: 261881313868633712}
  m_PrefabAsset: {fileID: 0}
--- !u!1 &1268748357
GameObject:
  m_ObjectHideFlags: 0
  m_CorrespondingSourceObject: {fileID: 0}
  m_PrefabInstance: {fileID: 0}
  m_PrefabAsset: {fileID: 0}
  serializedVersion: 6
  m_Component:
  - component: {fileID: 1268748360}
  - component: {fileID: 1268748359}
  - component: {fileID: 1268748358}
  m_Layer: 0
  m_Name: EventSystem
  m_TagString: Untagged
  m_Icon: {fileID: 0}
  m_NavMeshLayer: 0
  m_StaticEditorFlags: 0
  m_IsActive: 1
--- !u!114 &1268748358
MonoBehaviour:
  m_ObjectHideFlags: 0
  m_CorrespondingSourceObject: {fileID: 0}
  m_PrefabInstance: {fileID: 0}
  m_PrefabAsset: {fileID: 0}
  m_GameObject: {fileID: 1268748357}
  m_Enabled: 1
  m_EditorHideFlags: 0
  m_Script: {fileID: 11500000, guid: 4f231c4fb786f3946a6b90b886c48677, type: 3}
  m_Name: 
  m_EditorClassIdentifier: 
  m_HorizontalAxis: Horizontal
  m_VerticalAxis: Vertical
  m_SubmitButton: Submit
  m_CancelButton: Cancel
  m_InputActionsPerSecond: 10
  m_RepeatDelay: 0.5
  m_ForceModuleActive: 0
--- !u!114 &1268748359
MonoBehaviour:
  m_ObjectHideFlags: 0
  m_CorrespondingSourceObject: {fileID: 0}
  m_PrefabInstance: {fileID: 0}
  m_PrefabAsset: {fileID: 0}
  m_GameObject: {fileID: 1268748357}
  m_Enabled: 1
  m_EditorHideFlags: 0
  m_Script: {fileID: 11500000, guid: 76c392e42b5098c458856cdf6ecaaaa1, type: 3}
  m_Name: 
  m_EditorClassIdentifier: 
  m_FirstSelected: {fileID: 0}
  m_sendNavigationEvents: 1
  m_DragThreshold: 10
--- !u!4 &1268748360
Transform:
  m_ObjectHideFlags: 0
  m_CorrespondingSourceObject: {fileID: 0}
  m_PrefabInstance: {fileID: 0}
  m_PrefabAsset: {fileID: 0}
  m_GameObject: {fileID: 1268748357}
  m_LocalRotation: {x: 0, y: 0, z: 0, w: 1}
  m_LocalPosition: {x: 0, y: 0, z: 0}
  m_LocalScale: {x: 1, y: 1, z: 1}
  m_Children: []
  m_Father: {fileID: 0}
  m_RootOrder: 3
  m_LocalEulerAnglesHint: {x: 0, y: 0, z: 0}
--- !u!1001 &1344532195
PrefabInstance:
  m_ObjectHideFlags: 0
  serializedVersion: 2
  m_Modification:
    m_TransformParent: {fileID: 1140050063}
    m_Modifications:
    - target: {fileID: 8145015139334980760, guid: acb432db8c3d4c64bad5983c9d5293ac,
        type: 3}
      propertyPath: m_Name
      value: Corners
      objectReference: {fileID: 0}
    - target: {fileID: 8145015139334980763, guid: acb432db8c3d4c64bad5983c9d5293ac,
        type: 3}
      propertyPath: m_LocalPosition.x
      value: 0
      objectReference: {fileID: 0}
    - target: {fileID: 8145015139334980763, guid: acb432db8c3d4c64bad5983c9d5293ac,
        type: 3}
      propertyPath: m_LocalPosition.y
      value: 0
      objectReference: {fileID: 0}
    - target: {fileID: 8145015139334980763, guid: acb432db8c3d4c64bad5983c9d5293ac,
        type: 3}
      propertyPath: m_LocalPosition.z
      value: 0
      objectReference: {fileID: 0}
    - target: {fileID: 8145015139334980763, guid: acb432db8c3d4c64bad5983c9d5293ac,
        type: 3}
      propertyPath: m_LocalRotation.x
      value: -0
      objectReference: {fileID: 0}
    - target: {fileID: 8145015139334980763, guid: acb432db8c3d4c64bad5983c9d5293ac,
        type: 3}
      propertyPath: m_LocalRotation.y
      value: -0
      objectReference: {fileID: 0}
    - target: {fileID: 8145015139334980763, guid: acb432db8c3d4c64bad5983c9d5293ac,
        type: 3}
      propertyPath: m_LocalRotation.z
      value: -0
      objectReference: {fileID: 0}
    - target: {fileID: 8145015139334980763, guid: acb432db8c3d4c64bad5983c9d5293ac,
        type: 3}
      propertyPath: m_LocalRotation.w
      value: 1
      objectReference: {fileID: 0}
    - target: {fileID: 8145015139334980763, guid: acb432db8c3d4c64bad5983c9d5293ac,
        type: 3}
      propertyPath: m_RootOrder
      value: 1
      objectReference: {fileID: 0}
    - target: {fileID: 8145015139334980763, guid: acb432db8c3d4c64bad5983c9d5293ac,
        type: 3}
      propertyPath: m_LocalEulerAnglesHint.x
      value: 0
      objectReference: {fileID: 0}
    - target: {fileID: 8145015139334980763, guid: acb432db8c3d4c64bad5983c9d5293ac,
        type: 3}
      propertyPath: m_LocalEulerAnglesHint.y
      value: 0
      objectReference: {fileID: 0}
    - target: {fileID: 8145015139334980763, guid: acb432db8c3d4c64bad5983c9d5293ac,
        type: 3}
      propertyPath: m_LocalEulerAnglesHint.z
      value: 0
      objectReference: {fileID: 0}
    m_RemovedComponents: []
  m_SourcePrefab: {fileID: 100100000, guid: acb432db8c3d4c64bad5983c9d5293ac, type: 3}
--- !u!4 &1344532196 stripped
Transform:
  m_CorrespondingSourceObject: {fileID: 8145015139334980763, guid: acb432db8c3d4c64bad5983c9d5293ac,
    type: 3}
  m_PrefabInstance: {fileID: 1344532195}
  m_PrefabAsset: {fileID: 0}
--- !u!224 &1990648494 stripped
RectTransform:
  m_CorrespondingSourceObject: {fileID: 6871428982565529401, guid: 46070af8abb135341bd06b321c244332,
    type: 3}
  m_PrefabInstance: {fileID: 6871428981732836759}
  m_PrefabAsset: {fileID: 0}
--- !u!1001 &261881313868633712
PrefabInstance:
  m_ObjectHideFlags: 0
  serializedVersion: 2
  m_Modification:
    m_TransformParent: {fileID: 1140050063}
    m_Modifications:
    - target: {fileID: 261881312713227961, guid: 219ef5ff3e07e8344985f7b3f72ecbc9,
        type: 3}
      propertyPath: m_Name
      value: EnemyShip
      objectReference: {fileID: 0}
    - target: {fileID: 261881312713227962, guid: 219ef5ff3e07e8344985f7b3f72ecbc9,
        type: 3}
      propertyPath: m_LocalPosition.x
      value: -3.87
      objectReference: {fileID: 0}
    - target: {fileID: 261881312713227962, guid: 219ef5ff3e07e8344985f7b3f72ecbc9,
        type: 3}
      propertyPath: m_LocalPosition.y
      value: 0
      objectReference: {fileID: 0}
    - target: {fileID: 261881312713227962, guid: 219ef5ff3e07e8344985f7b3f72ecbc9,
        type: 3}
      propertyPath: m_LocalPosition.z
      value: 5.67
      objectReference: {fileID: 0}
    - target: {fileID: 261881312713227962, guid: 219ef5ff3e07e8344985f7b3f72ecbc9,
        type: 3}
      propertyPath: m_LocalRotation.x
      value: -0
      objectReference: {fileID: 0}
    - target: {fileID: 261881312713227962, guid: 219ef5ff3e07e8344985f7b3f72ecbc9,
        type: 3}
      propertyPath: m_LocalRotation.y
      value: -0
      objectReference: {fileID: 0}
    - target: {fileID: 261881312713227962, guid: 219ef5ff3e07e8344985f7b3f72ecbc9,
        type: 3}
      propertyPath: m_LocalRotation.z
      value: -0
      objectReference: {fileID: 0}
    - target: {fileID: 261881312713227962, guid: 219ef5ff3e07e8344985f7b3f72ecbc9,
        type: 3}
      propertyPath: m_LocalRotation.w
      value: 1
      objectReference: {fileID: 0}
    - target: {fileID: 261881312713227962, guid: 219ef5ff3e07e8344985f7b3f72ecbc9,
        type: 3}
      propertyPath: m_RootOrder
      value: 0
      objectReference: {fileID: 0}
    - target: {fileID: 261881312713227962, guid: 219ef5ff3e07e8344985f7b3f72ecbc9,
        type: 3}
      propertyPath: m_LocalEulerAnglesHint.x
      value: 0
      objectReference: {fileID: 0}
    - target: {fileID: 261881312713227962, guid: 219ef5ff3e07e8344985f7b3f72ecbc9,
        type: 3}
      propertyPath: m_LocalEulerAnglesHint.y
      value: 0
      objectReference: {fileID: 0}
    - target: {fileID: 261881312713227962, guid: 219ef5ff3e07e8344985f7b3f72ecbc9,
        type: 3}
      propertyPath: m_LocalEulerAnglesHint.z
      value: 0
      objectReference: {fileID: 0}
    - target: {fileID: 261881312802653525, guid: 219ef5ff3e07e8344985f7b3f72ecbc9,
        type: 3}
      propertyPath: shootSpeed
      value: 4
      objectReference: {fileID: 0}
    m_RemovedComponents: []
  m_SourcePrefab: {fileID: 100100000, guid: 219ef5ff3e07e8344985f7b3f72ecbc9, type: 3}
--- !u!1001 &2239175947606327458
PrefabInstance:
  m_ObjectHideFlags: 0
  serializedVersion: 2
  m_Modification:
    m_TransformParent: {fileID: 0}
    m_Modifications:
    - target: {fileID: 2239175947959009959, guid: bd082d592a99e704988743674bafe755,
        type: 3}
      propertyPath: m_Name
      value: GameManager
      objectReference: {fileID: 0}
    - target: {fileID: 2239175947959009956, guid: bd082d592a99e704988743674bafe755,
        type: 3}
      propertyPath: windArrow
      value: 
      objectReference: {fileID: 1990648494}
    - target: {fileID: 2239175947959009956, guid: bd082d592a99e704988743674bafe755,
        type: 3}
      propertyPath: winPanel
      value: 
      objectReference: {fileID: 88819475}
    - target: {fileID: 2239175947959009956, guid: bd082d592a99e704988743674bafe755,
        type: 3}
      propertyPath: windForce
      value: 0.05
      objectReference: {fileID: 0}
    - target: {fileID: 2239175947959009956, guid: bd082d592a99e704988743674bafe755,
        type: 3}
      propertyPath: losePanel
      value: 
      objectReference: {fileID: 8164490903327617566}
    - target: {fileID: 2239175947959009956, guid: bd082d592a99e704988743674bafe755,
        type: 3}
      propertyPath: isTutorial
      value: 0
      objectReference: {fileID: 0}
    - target: {fileID: 2239175947959009956, guid: bd082d592a99e704988743674bafe755,
        type: 3}
      propertyPath: tutorialManager
      value: 
      objectReference: {fileID: 0}
    - target: {fileID: 2239175947959009957, guid: bd082d592a99e704988743674bafe755,
        type: 3}
      propertyPath: m_LocalPosition.x
      value: -0.02357775
      objectReference: {fileID: 0}
    - target: {fileID: 2239175947959009957, guid: bd082d592a99e704988743674bafe755,
        type: 3}
      propertyPath: m_LocalPosition.y
      value: 12.756729
      objectReference: {fileID: 0}
    - target: {fileID: 2239175947959009957, guid: bd082d592a99e704988743674bafe755,
        type: 3}
      propertyPath: m_LocalPosition.z
      value: -2.2208786
      objectReference: {fileID: 0}
    - target: {fileID: 2239175947959009957, guid: bd082d592a99e704988743674bafe755,
        type: 3}
      propertyPath: m_LocalRotation.x
      value: 0
      objectReference: {fileID: 0}
    - target: {fileID: 2239175947959009957, guid: bd082d592a99e704988743674bafe755,
        type: 3}
      propertyPath: m_LocalRotation.y
      value: 0
      objectReference: {fileID: 0}
    - target: {fileID: 2239175947959009957, guid: bd082d592a99e704988743674bafe755,
        type: 3}
      propertyPath: m_LocalRotation.z
      value: 0
      objectReference: {fileID: 0}
    - target: {fileID: 2239175947959009957, guid: bd082d592a99e704988743674bafe755,
        type: 3}
      propertyPath: m_LocalRotation.w
      value: 1
      objectReference: {fileID: 0}
    - target: {fileID: 2239175947959009957, guid: bd082d592a99e704988743674bafe755,
        type: 3}
      propertyPath: m_RootOrder
      value: 4
      objectReference: {fileID: 0}
    - target: {fileID: 2239175947959009957, guid: bd082d592a99e704988743674bafe755,
        type: 3}
      propertyPath: m_LocalEulerAnglesHint.x
      value: 0
      objectReference: {fileID: 0}
    - target: {fileID: 2239175947959009957, guid: bd082d592a99e704988743674bafe755,
        type: 3}
      propertyPath: m_LocalEulerAnglesHint.y
      value: 0
      objectReference: {fileID: 0}
    - target: {fileID: 2239175947959009957, guid: bd082d592a99e704988743674bafe755,
        type: 3}
      propertyPath: m_LocalEulerAnglesHint.z
      value: 0
      objectReference: {fileID: 0}
    m_RemovedComponents: []
  m_SourcePrefab: {fileID: 100100000, guid: bd082d592a99e704988743674bafe755, type: 3}
--- !u!1001 &3599829358274504593
PrefabInstance:
  m_ObjectHideFlags: 0
  serializedVersion: 2
  m_Modification:
    m_TransformParent: {fileID: 1144790088}
    m_Modifications:
    - target: {fileID: 7718791913017239545, guid: c4f73a621c44b3c42ad1250f9751f88b,
        type: 3}
      propertyPath: m_Name
      value: WinPanel
      objectReference: {fileID: 0}
    - target: {fileID: 7718791913017239545, guid: c4f73a621c44b3c42ad1250f9751f88b,
        type: 3}
      propertyPath: m_IsActive
      value: 0
      objectReference: {fileID: 0}
    - target: {fileID: 5698265184306088485, guid: c4f73a621c44b3c42ad1250f9751f88b,
        type: 3}
      propertyPath: m_LocalPosition.x
      value: 0
      objectReference: {fileID: 0}
    - target: {fileID: 5698265184306088485, guid: c4f73a621c44b3c42ad1250f9751f88b,
        type: 3}
      propertyPath: m_LocalPosition.y
      value: 0
      objectReference: {fileID: 0}
    - target: {fileID: 5698265184306088485, guid: c4f73a621c44b3c42ad1250f9751f88b,
        type: 3}
      propertyPath: m_LocalPosition.z
      value: 0
      objectReference: {fileID: 0}
    - target: {fileID: 5698265184306088485, guid: c4f73a621c44b3c42ad1250f9751f88b,
        type: 3}
      propertyPath: m_LocalRotation.x
      value: 0
      objectReference: {fileID: 0}
    - target: {fileID: 5698265184306088485, guid: c4f73a621c44b3c42ad1250f9751f88b,
        type: 3}
      propertyPath: m_LocalRotation.y
      value: 0
      objectReference: {fileID: 0}
    - target: {fileID: 5698265184306088485, guid: c4f73a621c44b3c42ad1250f9751f88b,
        type: 3}
      propertyPath: m_LocalRotation.z
      value: 0
      objectReference: {fileID: 0}
    - target: {fileID: 5698265184306088485, guid: c4f73a621c44b3c42ad1250f9751f88b,
        type: 3}
      propertyPath: m_LocalRotation.w
      value: 1
      objectReference: {fileID: 0}
    - target: {fileID: 5698265184306088485, guid: c4f73a621c44b3c42ad1250f9751f88b,
        type: 3}
      propertyPath: m_RootOrder
      value: 1
      objectReference: {fileID: 0}
    - target: {fileID: 5698265184306088485, guid: c4f73a621c44b3c42ad1250f9751f88b,
        type: 3}
      propertyPath: m_LocalEulerAnglesHint.x
      value: 0
      objectReference: {fileID: 0}
    - target: {fileID: 5698265184306088485, guid: c4f73a621c44b3c42ad1250f9751f88b,
        type: 3}
      propertyPath: m_LocalEulerAnglesHint.y
      value: 0
      objectReference: {fileID: 0}
    - target: {fileID: 5698265184306088485, guid: c4f73a621c44b3c42ad1250f9751f88b,
        type: 3}
      propertyPath: m_LocalEulerAnglesHint.z
      value: 0
      objectReference: {fileID: 0}
    - target: {fileID: 5698265184306088485, guid: c4f73a621c44b3c42ad1250f9751f88b,
        type: 3}
      propertyPath: m_AnchoredPosition.x
      value: 0
      objectReference: {fileID: 0}
    - target: {fileID: 5698265184306088485, guid: c4f73a621c44b3c42ad1250f9751f88b,
        type: 3}
      propertyPath: m_AnchoredPosition.y
      value: 0
      objectReference: {fileID: 0}
    - target: {fileID: 5698265184306088485, guid: c4f73a621c44b3c42ad1250f9751f88b,
        type: 3}
      propertyPath: m_SizeDelta.x
      value: 0
      objectReference: {fileID: 0}
    - target: {fileID: 5698265184306088485, guid: c4f73a621c44b3c42ad1250f9751f88b,
        type: 3}
      propertyPath: m_SizeDelta.y
      value: 0
      objectReference: {fileID: 0}
    - target: {fileID: 5698265184306088485, guid: c4f73a621c44b3c42ad1250f9751f88b,
        type: 3}
      propertyPath: m_Pivot.x
      value: 0.5
      objectReference: {fileID: 0}
    - target: {fileID: 5698265184306088485, guid: c4f73a621c44b3c42ad1250f9751f88b,
        type: 3}
      propertyPath: m_Pivot.y
      value: 0.5
      objectReference: {fileID: 0}
    - target: {fileID: 1307536339787453764, guid: c4f73a621c44b3c42ad1250f9751f88b,
        type: 3}
      propertyPath: m_OnClick.m_PersistentCalls.m_Calls.Array.data[0].m_Target
      value: 
      objectReference: {fileID: 354320902}
    - target: {fileID: 8887369882787596732, guid: c4f73a621c44b3c42ad1250f9751f88b,
        type: 3}
      propertyPath: m_OnClick.m_PersistentCalls.m_Calls.Array.data[0].m_Target
      value: 
      objectReference: {fileID: 354320902}
    - target: {fileID: 2108886139456608089, guid: c4f73a621c44b3c42ad1250f9751f88b,
        type: 3}
      propertyPath: m_OnClick.m_PersistentCalls.m_Calls.Array.data[0].m_Target
      value: 
      objectReference: {fileID: 354320902}
    - target: {fileID: 1641793263, guid: c4f73a621c44b3c42ad1250f9751f88b, type: 3}
      propertyPath: sound
      value: 
      objectReference: {fileID: 1149998515}
    - target: {fileID: 1641793263, guid: c4f73a621c44b3c42ad1250f9751f88b, type: 3}
      propertyPath: highlightSfx
      value: 
      objectReference: {fileID: 1149998515}
    - target: {fileID: 236831258, guid: c4f73a621c44b3c42ad1250f9751f88b, type: 3}
      propertyPath: sound
      value: 
      objectReference: {fileID: 1149998515}
    - target: {fileID: 236831258, guid: c4f73a621c44b3c42ad1250f9751f88b, type: 3}
      propertyPath: highlightSfx
      value: 
      objectReference: {fileID: 1149998515}
    - target: {fileID: 1012340877, guid: c4f73a621c44b3c42ad1250f9751f88b, type: 3}
      propertyPath: sound
      value: 
      objectReference: {fileID: 1149998515}
    - target: {fileID: 1012340877, guid: c4f73a621c44b3c42ad1250f9751f88b, type: 3}
      propertyPath: highlightSfx
      value: 
      objectReference: {fileID: 1149998515}
    m_RemovedComponents: []
  m_SourcePrefab: {fileID: 100100000, guid: c4f73a621c44b3c42ad1250f9751f88b, type: 3}
--- !u!224 &3599829358274504594 stripped
RectTransform:
  m_CorrespondingSourceObject: {fileID: 5698265184306088485, guid: c4f73a621c44b3c42ad1250f9751f88b,
    type: 3}
  m_PrefabInstance: {fileID: 3599829358274504593}
  m_PrefabAsset: {fileID: 0}
--- !u!1001 &5657221869979162044
PrefabInstance:
  m_ObjectHideFlags: 0
  serializedVersion: 2
  m_Modification:
    m_TransformParent: {fileID: 1144790088}
    m_Modifications:
    - target: {fileID: 4597159723508033442, guid: ff2e0f682b34e45418727da73290f041,
        type: 3}
      propertyPath: m_Name
      value: LosePanel
      objectReference: {fileID: 0}
    - target: {fileID: 4597159723508033442, guid: ff2e0f682b34e45418727da73290f041,
        type: 3}
      propertyPath: m_IsActive
      value: 0
      objectReference: {fileID: 0}
    - target: {fileID: 2001429808917727870, guid: ff2e0f682b34e45418727da73290f041,
        type: 3}
      propertyPath: m_LocalPosition.x
      value: 0
      objectReference: {fileID: 0}
    - target: {fileID: 2001429808917727870, guid: ff2e0f682b34e45418727da73290f041,
        type: 3}
      propertyPath: m_LocalPosition.y
      value: 0
      objectReference: {fileID: 0}
    - target: {fileID: 2001429808917727870, guid: ff2e0f682b34e45418727da73290f041,
        type: 3}
      propertyPath: m_LocalPosition.z
      value: 0
      objectReference: {fileID: 0}
    - target: {fileID: 2001429808917727870, guid: ff2e0f682b34e45418727da73290f041,
        type: 3}
      propertyPath: m_LocalRotation.x
      value: 0
      objectReference: {fileID: 0}
    - target: {fileID: 2001429808917727870, guid: ff2e0f682b34e45418727da73290f041,
        type: 3}
      propertyPath: m_LocalRotation.y
      value: 0
      objectReference: {fileID: 0}
    - target: {fileID: 2001429808917727870, guid: ff2e0f682b34e45418727da73290f041,
        type: 3}
      propertyPath: m_LocalRotation.z
      value: 0
      objectReference: {fileID: 0}
    - target: {fileID: 2001429808917727870, guid: ff2e0f682b34e45418727da73290f041,
        type: 3}
      propertyPath: m_LocalRotation.w
      value: 1
      objectReference: {fileID: 0}
    - target: {fileID: 2001429808917727870, guid: ff2e0f682b34e45418727da73290f041,
        type: 3}
      propertyPath: m_RootOrder
      value: 2
      objectReference: {fileID: 0}
    - target: {fileID: 2001429808917727870, guid: ff2e0f682b34e45418727da73290f041,
        type: 3}
      propertyPath: m_LocalEulerAnglesHint.x
      value: 0
      objectReference: {fileID: 0}
    - target: {fileID: 2001429808917727870, guid: ff2e0f682b34e45418727da73290f041,
        type: 3}
      propertyPath: m_LocalEulerAnglesHint.y
      value: 0
      objectReference: {fileID: 0}
    - target: {fileID: 2001429808917727870, guid: ff2e0f682b34e45418727da73290f041,
        type: 3}
      propertyPath: m_LocalEulerAnglesHint.z
      value: 0
      objectReference: {fileID: 0}
    - target: {fileID: 2001429808917727870, guid: ff2e0f682b34e45418727da73290f041,
        type: 3}
      propertyPath: m_AnchoredPosition.x
      value: 0
      objectReference: {fileID: 0}
    - target: {fileID: 2001429808917727870, guid: ff2e0f682b34e45418727da73290f041,
        type: 3}
      propertyPath: m_AnchoredPosition.y
      value: 0
      objectReference: {fileID: 0}
    - target: {fileID: 2001429808917727870, guid: ff2e0f682b34e45418727da73290f041,
        type: 3}
      propertyPath: m_SizeDelta.x
      value: 0
      objectReference: {fileID: 0}
    - target: {fileID: 2001429808917727870, guid: ff2e0f682b34e45418727da73290f041,
        type: 3}
      propertyPath: m_SizeDelta.y
      value: 0
      objectReference: {fileID: 0}
    - target: {fileID: 2001429808917727870, guid: ff2e0f682b34e45418727da73290f041,
        type: 3}
      propertyPath: m_Pivot.x
      value: 0.5
      objectReference: {fileID: 0}
    - target: {fileID: 2001429808917727870, guid: ff2e0f682b34e45418727da73290f041,
        type: 3}
      propertyPath: m_Pivot.y
      value: 0.5
      objectReference: {fileID: 0}
    - target: {fileID: 3424015419536460263, guid: ff2e0f682b34e45418727da73290f041,
        type: 3}
      propertyPath: m_OnClick.m_PersistentCalls.m_Calls.Array.data[0].m_Target
      value: 
      objectReference: {fileID: 354320902}
    - target: {fileID: 5302576197391046402, guid: ff2e0f682b34e45418727da73290f041,
        type: 3}
      propertyPath: m_OnClick.m_PersistentCalls.m_Calls.Array.data[0].m_Target
      value: 
      objectReference: {fileID: 354320902}
    - target: {fileID: 376859450, guid: ff2e0f682b34e45418727da73290f041, type: 3}
      propertyPath: sound
      value: 
      objectReference: {fileID: 1149998515}
    - target: {fileID: 376859450, guid: ff2e0f682b34e45418727da73290f041, type: 3}
      propertyPath: highlightSfx
      value: 
      objectReference: {fileID: 1149998515}
    - target: {fileID: 42962251, guid: ff2e0f682b34e45418727da73290f041, type: 3}
      propertyPath: sound
      value: 
      objectReference: {fileID: 1149998515}
    - target: {fileID: 42962251, guid: ff2e0f682b34e45418727da73290f041, type: 3}
      propertyPath: highlightSfx
      value: 
      objectReference: {fileID: 1149998515}
    - target: {fileID: 7845607143660050575, guid: ff2e0f682b34e45418727da73290f041,
        type: 3}
      propertyPath: m_AnchoredPosition.x
      value: 0.3999939
      objectReference: {fileID: 0}
    - target: {fileID: 5977537803164431682, guid: ff2e0f682b34e45418727da73290f041,
        type: 3}
      propertyPath: m_textInfo.characterCount
      value: 0
      objectReference: {fileID: 0}
    - target: {fileID: 5977537803164431682, guid: ff2e0f682b34e45418727da73290f041,
        type: 3}
      propertyPath: m_textInfo.wordCount
      value: 0
      objectReference: {fileID: 0}
    - target: {fileID: 5977537803164431682, guid: ff2e0f682b34e45418727da73290f041,
        type: 3}
      propertyPath: m_textInfo.lineCount
      value: 0
      objectReference: {fileID: 0}
    - target: {fileID: 5977537803164431682, guid: ff2e0f682b34e45418727da73290f041,
        type: 3}
      propertyPath: m_textInfo.pageCount
      value: 0
      objectReference: {fileID: 0}
    - target: {fileID: 7507091607972758354, guid: ff2e0f682b34e45418727da73290f041,
        type: 3}
      propertyPath: m_textInfo.characterCount
      value: 0
      objectReference: {fileID: 0}
    - target: {fileID: 7507091607972758354, guid: ff2e0f682b34e45418727da73290f041,
        type: 3}
      propertyPath: m_textInfo.wordCount
      value: 0
      objectReference: {fileID: 0}
    - target: {fileID: 7507091607972758354, guid: ff2e0f682b34e45418727da73290f041,
        type: 3}
      propertyPath: m_textInfo.lineCount
      value: 0
      objectReference: {fileID: 0}
    - target: {fileID: 7507091607972758354, guid: ff2e0f682b34e45418727da73290f041,
        type: 3}
      propertyPath: m_textInfo.pageCount
      value: 0
      objectReference: {fileID: 0}
    - target: {fileID: 3685972406441740268, guid: ff2e0f682b34e45418727da73290f041,
        type: 3}
      propertyPath: m_textInfo.characterCount
      value: 0
      objectReference: {fileID: 0}
    - target: {fileID: 3685972406441740268, guid: ff2e0f682b34e45418727da73290f041,
        type: 3}
      propertyPath: m_textInfo.wordCount
      value: 0
      objectReference: {fileID: 0}
    - target: {fileID: 3685972406441740268, guid: ff2e0f682b34e45418727da73290f041,
        type: 3}
      propertyPath: m_textInfo.lineCount
      value: 0
      objectReference: {fileID: 0}
    - target: {fileID: 3685972406441740268, guid: ff2e0f682b34e45418727da73290f041,
        type: 3}
      propertyPath: m_textInfo.pageCount
      value: 0
      objectReference: {fileID: 0}
    - target: {fileID: 5113698218430108959, guid: ff2e0f682b34e45418727da73290f041,
        type: 3}
      propertyPath: m_OnClick.m_PersistentCalls.m_Calls.Array.data[0].m_Target
      value: 
      objectReference: {fileID: 354320902}
    m_RemovedComponents: []
  m_SourcePrefab: {fileID: 100100000, guid: ff2e0f682b34e45418727da73290f041, type: 3}
--- !u!224 &6144313555308421058 stripped
RectTransform:
  m_CorrespondingSourceObject: {fileID: 2001429808917727870, guid: ff2e0f682b34e45418727da73290f041,
    type: 3}
  m_PrefabInstance: {fileID: 5657221869979162044}
  m_PrefabAsset: {fileID: 0}
--- !u!1001 &6871428981732836759
PrefabInstance:
  m_ObjectHideFlags: 0
  serializedVersion: 2
  m_Modification:
    m_TransformParent: {fileID: 1144790088}
    m_Modifications:
    - target: {fileID: 6871428982565529402, guid: 46070af8abb135341bd06b321c244332,
        type: 3}
      propertyPath: m_Name
      value: WindArrow
      objectReference: {fileID: 0}
    - target: {fileID: 6871428982565529401, guid: 46070af8abb135341bd06b321c244332,
        type: 3}
      propertyPath: m_LocalPosition.x
      value: 0
      objectReference: {fileID: 0}
    - target: {fileID: 6871428982565529401, guid: 46070af8abb135341bd06b321c244332,
        type: 3}
      propertyPath: m_LocalPosition.y
      value: 0
      objectReference: {fileID: 0}
    - target: {fileID: 6871428982565529401, guid: 46070af8abb135341bd06b321c244332,
        type: 3}
      propertyPath: m_LocalPosition.z
      value: 0
      objectReference: {fileID: 0}
    - target: {fileID: 6871428982565529401, guid: 46070af8abb135341bd06b321c244332,
        type: 3}
      propertyPath: m_LocalRotation.x
      value: 0
      objectReference: {fileID: 0}
    - target: {fileID: 6871428982565529401, guid: 46070af8abb135341bd06b321c244332,
        type: 3}
      propertyPath: m_LocalRotation.y
      value: 0
      objectReference: {fileID: 0}
    - target: {fileID: 6871428982565529401, guid: 46070af8abb135341bd06b321c244332,
        type: 3}
      propertyPath: m_LocalRotation.z
      value: 0
      objectReference: {fileID: 0}
    - target: {fileID: 6871428982565529401, guid: 46070af8abb135341bd06b321c244332,
        type: 3}
      propertyPath: m_LocalRotation.w
      value: 1
      objectReference: {fileID: 0}
    - target: {fileID: 6871428982565529401, guid: 46070af8abb135341bd06b321c244332,
        type: 3}
      propertyPath: m_RootOrder
      value: 0
      objectReference: {fileID: 0}
    - target: {fileID: 6871428982565529401, guid: 46070af8abb135341bd06b321c244332,
        type: 3}
      propertyPath: m_LocalEulerAnglesHint.x
      value: 0
      objectReference: {fileID: 0}
    - target: {fileID: 6871428982565529401, guid: 46070af8abb135341bd06b321c244332,
        type: 3}
      propertyPath: m_LocalEulerAnglesHint.y
      value: 0
      objectReference: {fileID: 0}
    - target: {fileID: 6871428982565529401, guid: 46070af8abb135341bd06b321c244332,
        type: 3}
      propertyPath: m_LocalEulerAnglesHint.z
      value: 0
      objectReference: {fileID: 0}
    - target: {fileID: 6871428982565529401, guid: 46070af8abb135341bd06b321c244332,
        type: 3}
      propertyPath: m_AnchoredPosition.x
      value: 0
      objectReference: {fileID: 0}
    - target: {fileID: 6871428982565529401, guid: 46070af8abb135341bd06b321c244332,
        type: 3}
      propertyPath: m_AnchoredPosition.y
      value: 0
      objectReference: {fileID: 0}
    - target: {fileID: 6871428982565529401, guid: 46070af8abb135341bd06b321c244332,
        type: 3}
      propertyPath: m_SizeDelta.x
      value: 0
      objectReference: {fileID: 0}
    - target: {fileID: 6871428982565529401, guid: 46070af8abb135341bd06b321c244332,
        type: 3}
      propertyPath: m_SizeDelta.y
      value: 0
      objectReference: {fileID: 0}
    - target: {fileID: 6871428982565529401, guid: 46070af8abb135341bd06b321c244332,
        type: 3}
      propertyPath: m_Pivot.x
      value: 0.5
      objectReference: {fileID: 0}
    - target: {fileID: 6871428982565529401, guid: 46070af8abb135341bd06b321c244332,
        type: 3}
      propertyPath: m_Pivot.y
      value: 0.5
      objectReference: {fileID: 0}
    m_RemovedComponents: []
  m_SourcePrefab: {fileID: 100100000, guid: 46070af8abb135341bd06b321c244332, type: 3}
--- !u!1 &8164490903327617566 stripped
GameObject:
  m_CorrespondingSourceObject: {fileID: 4597159723508033442, guid: ff2e0f682b34e45418727da73290f041,
    type: 3}
  m_PrefabInstance: {fileID: 5657221869979162044}
  m_PrefabAsset: {fileID: 0}
